%% This BibTeX bibliography file was created using BibDesk.
%% http://bibdesk.sourceforge.net/


%% Created for Suri Vaikuntanathan at 2018-07-02 19:46:14 -0500 


%% Saved with string encoding Unicode (UTF-8) 


@article{nemoto2018optimizing,
  title={Optimizing active work: dynamical phase transitions, collective motion and jamming},
  author={Nemoto, Takahiro and Fodor, {Â¥'E}tienne and Cates, Michael E and Jack, Robert L and Tailleur, Julien},
  journal={arXiv:1805.02887},
  year={2018},
  url={https://arxiv.org/abs/1805.02887}
}


@article{Redner2016,
  title={Classical nucleation theory description of active colloid assembly},
  author={Redner, Gabriel S and Wagner, Caleb G and Baskaran, Aparna and Hagan, Michael F},
  journal={Physical review letters},
  volume={117},
  number={14},
  pages={148002},
  year={2016},
  publisher={APS}
}


@article{Whitelam2018,
	Author = {Whitelam,Stephen and Klymko,Katherine and Mandal,Dibyendu},
	Doi = {10.1063/1.5023403},
	Journal = {J. of Chem. Phys.},
	Number = {15},
	Pages = {154902},
	Title = {Phase separation and large deviations of lattice active matter},
	Url = {https://doi.org/10.1063/1.5023403},
	Volume = {148},
	Year = {2018},
	Bdsk-Url-1 = {https://doi.org/10.1063/1.5023403},
	Bdsk-Url-2 = {http://dx.doi.org/10.1063/1.5023403}}

@article{Cagnetta2017,
	Author = {Cagnetta, F. and Corberi, F. and Gonnella, G. and Suma, A.},
	Doi = {10.1103/PhysRevLett.119.158002},
	Issue = {15},
	Journal = {Phys. Rev. Lett.},
	Month = {Oct},
	Numpages = {5},
	Pages = {158002},
	Publisher = {American Physical Society},
	Title = {Large Fluctuations and Dynamic Phase Transition in a System of Self-Propelled Particles},
	Url = {https://link.aps.org/doi/10.1103/PhysRevLett.119.158002},
	Volume = {119},
	Year = {2017},
	Bdsk-Url-1 = {https://link.aps.org/doi/10.1103/PhysRevLett.119.158002},
	Bdsk-Url-2 = {http://dx.doi.org/10.1103/PhysRevLett.119.158002}}

@article{laffargue2013,
	Author = {Laffargue, T. and Thu-Lam, K.-D. N. and Kurchan, J. and Tailleur, J.},
	Journal = {J. Phys. A: Mathematical and Theoretical},
	Number = {25},
	Pages = {254002},
	Title = {Large deviations of Lyapunov exponents},
	Url = {http://stacks.iop.org/1751-8121/46/i=25/a=254002},
	Volume = {46},
	Year = {2013},
	Bdsk-Url-1 = {http://stacks.iop.org/1751-8121/46/i=25/a=254002}}

@article{bouchet2014,
	Author = {F Bouchet and C Nardini and T Tangarife},
	Journal = {Fluid Dynamics Research},
	Number = {6},
	Pages = {061416},
	Title = {Stochastic averaging, large deviations and random transitions for the dynamics of 2D and geostrophic turbulent vortices},
	Url = {http://stacks.iop.org/1873-7005/46/i=6/a=061416},
	Volume = {46},
	Year = {2014},
	Bdsk-Url-1 = {http://stacks.iop.org/1873-7005/46/i=6/a=061416}}

@article{Nemoto2017,
  title = {Finite-Size Scaling of a First-Order Dynamical Phase Transition: Adaptive Population Dynamics and an Effective Model},
  author = {Nemoto, Takahiro and Jack, Robert L. and Lecomte, Vivien},
  journal = {Phys. Rev. Lett.},
  volume = {118},
  issue = {11},
  pages = {115702},
  numpages = {6},
  year = {2017},
  month = {Mar},
  publisher = {American Physical Society},
  doi = {10.1103/PhysRevLett.118.115702},
  url = {https://link.aps.org/doi/10.1103/PhysRevLett.118.115702}
}

@article{Limmer2014,
	Author = {Limmer, David T. and Chandler, David},
	Doi = {10.1073/pnas.1407277111},
	Eprint1 = {http://www.pnas.org/content/111/26/9413.full.pdf},
	Issn = {0027-8424},
	Journal = {Proceedings of the National Academy of Sciences},
	Number = {26},
	Pages = {9413--9418},
	Publisher = {National Academy of Sciences},
	Title = {Theory of amorphous ices},
	Url = {http://www.pnas.org/content/111/26/9413},
	Volume = {111},
	Year = {2014},
	Bdsk-Url-1 = {http://www.pnas.org/content/111/26/9413},
	Bdsk-Url-2 = {http://dx.doi.org/10.1073/pnas.1407277111}}

@article{Bodineau2012a,
	Author = {Bodineau, Thierry and Lecomte, Vivien and Toninelli, Cristina},
	Doi = {10.1007/s10955-012-0458-1},
	Issn = {0022-4715},
	Journal = {J. Stat. Phys.},
	Keywords = {dynamical,dynamical phase transition,heterogeneity,kinetically constrained models,large deviation functions},
	Month = {mar},
	Number = {1},
	Pages = {1--17},
	Title = {{Finite Size Scaling of the Dynamical Free-Energy in a Kinetically Constrained Model}},
	Url = {http://link.springer.com/10.1007/s10955-012-0458-1},
	Volume = {147},
	Year = {2012},
	Bdsk-Url-1 = {http://link.springer.com/10.1007/s10955-012-0458-1},
	Bdsk-Url-2 = {http://dx.doi.org/10.1007/s10955-012-0458-1}}

@article{Speck2012,
	Author = {Speck, Thomas and Malins, Alex and Royall, C. Patrick},
	Doi = {10.1103/PhysRevLett.109.195703},
	Issue = {19},
	Journal = {Phys. Rev. Lett.},
	Month = {Nov},
	Numpages = {5},
	Pages = {195703},
	Publisher = {American Physical Society},
	Title = {First-Order Phase Transition in a Model Glass Former: Coupling of Local Structure and Dynamics},
	Url = {https://link.aps.org/doi/10.1103/PhysRevLett.109.195703},
	Volume = {109},
	Year = {2012},
	Bdsk-Url-1 = {https://link.aps.org/doi/10.1103/PhysRevLett.109.195703},
	Bdsk-Url-2 = {http://dx.doi.org/10.1103/PhysRevLett.109.195703}}

@article{Pitard2011,
	Author = {E. Pitard and V. Lecomte and F. van Wijland},
	Journal = {EPL (Europhysics Letters)},
	Number = {5},
	Pages = {56002},
	Title = {Dynamic transition in an atomic glass former: A molecular-dynamics evidence},
	Url = {http://stacks.iop.org/0295-5075/96/i=5/a=56002},
	Volume = {96},
	Year = {2011},
	Bdsk-Url-1 = {http://stacks.iop.org/0295-5075/96/i=5/a=56002}}

@article{garrahan2007,
	Author = {Garrahan, J. P. and Jack, R. L. and Lecomte, V. and Pitard, E. and van Duijvendijk, K. and van Wijland, F.},
	Doi = {10.1103/PhysRevLett.98.195702},
	Issue = {19},
	Journal = {Phys. Rev. Lett.},
	Month = {May},
	Numpages = {4},
	Pages = {195702},
	Publisher = {American Physical Society},
	Title = {Dynamical First-Order Phase Transition in Kinetically Constrained Models of Glasses},
	Url = {https://link.aps.org/doi/10.1103/PhysRevLett.98.195702},
	Volume = {98},
	Year = {2007},
	Bdsk-Url-1 = {https://link.aps.org/doi/10.1103/PhysRevLett.98.195702},
	Bdsk-Url-2 = {http://dx.doi.org/10.1103/PhysRevLett.98.195702}}

@article{Brewer2018,
	Author = {Tobias Brewer and Stephen R Clark and Russell Bradford and Robert L Jack},
	Journal = {Journal of Statistical Mechanics: Theory and Experiment},
	Number = {5},
	Pages = {053204},
	Title = {Efficient characterisation of large deviations using population dynamics},
	Url = {http://stacks.iop.org/1742-5468/2018/i=5/a=053204},
	Volume = {2018},
	Year = {2018},
	Bdsk-Url-1 = {http://stacks.iop.org/1742-5468/2018/i=5/a=053204}}

@article{Klymko2018,
	Author = {Klymko, Katherine and Geissler, Phillip L. and Garrahan, Juan P. and Whitelam, Stephen},
	Doi = {10.1103/PhysRevE.97.032123},
	Issue = {3},
	Journal = {Phys. Rev. E},
	Month = {Mar},
	Numpages = {15},
	Pages = {032123},
	Publisher = {American Physical Society},
	Title = {Rare behavior of growth processes via umbrella sampling of trajectories},
	Url = {https://link.aps.org/doi/10.1103/PhysRevE.97.032123},
	Volume = {97},
	Year = {2018},
	Bdsk-Url-1 = {https://link.aps.org/doi/10.1103/PhysRevE.97.032123},
	Bdsk-Url-2 = {http://dx.doi.org/10.1103/PhysRevE.97.032123}}

@article{Ray2018,
	Author = {Ray, Ushnish and Chan, Garnet Kin-Lic and Limmer, David T.},
	Doi = {10.1103/PhysRevLett.120.210602},
	Issue = {21},
	Journal = {Phys. Rev. Lett.},
	Month = {May},
	Numpages = {5},
	Pages = {210602},
	Publisher = {American Physical Society},
	Title = {Exact Fluctuations of Nonequilibrium Steady States from Approximate Auxiliary Dynamics},
	Url = {https://link.aps.org/doi/10.1103/PhysRevLett.120.210602},
	Volume = {120},
	Year = {2018},
	Bdsk-Url-1 = {https://link.aps.org/doi/10.1103/PhysRevLett.120.210602},
	Bdsk-Url-2 = {http://dx.doi.org/10.1103/PhysRevLett.120.210602}}

@article{Nemoto2016,
	Author = {Nemoto, Takahiro and Bouchet, Freddy and Jack, Robert L. and Lecomte, Vivien},
	Doi = {10.1103/PhysRevE.93.062123},
	Issue = {6},
	Journal = {Phys. Rev. E},
	Month = {Jun},
	Numpages = {15},
	Pages = {062123},
	Publisher = {American Physical Society},
	Title = {Population-dynamics method with a multicanonical feedback control},
	Url = {https://link.aps.org/doi/10.1103/PhysRevE.93.062123},
	Volume = {93},
	Year = {2016},
	Bdsk-Url-1 = {https://link.aps.org/doi/10.1103/PhysRevE.93.062123},
	Bdsk-Url-2 = {http://dx.doi.org/10.1103/PhysRevE.93.062123}}

@article{Hurtado2009,
	Author = {Hurtado, Pablo I. and Garrido, Pedro L.},
	Doi = {10.1103/PhysRevLett.102.250601},
	Issue = {25},
	Journal = {Phys. Rev. Lett.},
	Month = {Jun},
	Numpages = {4},
	Pages = {250601},
	Publisher = {American Physical Society},
	Title = {Test of the Additivity Principle for Current Fluctuations in a Model of Heat Conduction},
	Url = {https://link.aps.org/doi/10.1103/PhysRevLett.102.250601},
	Volume = {102},
	Year = {2009},
	Bdsk-Url-1 = {https://link.aps.org/doi/10.1103/PhysRevLett.102.250601},
	Bdsk-Url-2 = {http://dx.doi.org/10.1103/PhysRevLett.102.250601}}

@article{tailleur2007probing,
	Author = {Tailleur, Julien and Kurchan, Jorge},
	Journal = {Nature Physics},
	Number = {3},
	Pages = {203},
	Publisher = {Nature Publishing Group},
	Title = {Probing rare physical trajectories with Lyapunov weighted dynamics},
	Volume = {3},
	Year = {2007}}

@article{Giadina2006,
	Author = {Giardin\`a, Cristian and Kurchan, Jorge and Peliti, Luca},
	Doi = {10.1103/PhysRevLett.96.120603},
	Issue = {12},
	Journal = {Phys. Rev. Lett.},
	Month = {Mar},
	Numpages = {4},
	Pages = {120603},
	Publisher = {American Physical Society},
	Title = {Direct Evaluation of Large-Deviation Functions},
	Url = {https://link.aps.org/doi/10.1103/PhysRevLett.96.120603},
	Volume = {96},
	Year = {2006},
	Bdsk-Url-1 = {https://link.aps.org/doi/10.1103/PhysRevLett.96.120603},
	Bdsk-Url-2 = {http://dx.doi.org/10.1103/PhysRevLett.96.120603}}

@article{Touchette2009,
	Author = {Hugo Touchette},
	Doi = {10.1016/j.physrep.2009.05.002},
	Journal = {Phys. Rep.},
	Number = {1},
	Pages = {1-69},
	Title = {The large deviation approach to statistical mechanics},
	Volume = {478},
	Year = {2009},
	Bdsk-Url-1 = {http://dx.doi.org/10.1016/j.physrep.2009.05.002}}

@article{Lecomte2007,
	Author = {Lecomte, V.	and Appert-Rolland, C. and van Wijland, F.},
	Day = {01},
	Doi = {10.1007/s10955-006-9254-0},
	Journal = {J. Stat. Phys.},
	Number = {1},
	Pages = {51--106},
	Title = {Thermodynamic Formalism for Systems with Markov Dynamics},
	Volume = {127},
	Year = {2007},
	Bdsk-Url-1 = {http://dx.doi.org/10.1007/s10955-006-9254-0}}

@article{Touchette2016,
	Author = {Tsobgni Nyawo, Pelerine and Touchette, Hugo},
	Doi = {10.1103/PhysRevE.94.032101},
	Journal = {Phys. Rev. E},
	Pages = {032101},
	Title = {Large deviations of the current for driven periodic diffusions},
	Volume = {94},
	Year = {2016},
	Bdsk-Url-1 = {http://dx.doi.org/10.1103/PhysRevE.94.032101}}

@article{Dominicis1975,
	Author = {De Dominicis, C.},
	Doi = {10.1007/BF02785928},
	Journal = {Lettere al Nuovo Cimento (1971-1985)},
	Number = {15},
	Pages = {567-574},
	Title = {A Lagrangian version of Halperin-Hohenberg-Ma models for the dynamics of critical phenomena},
	Volume = {12},
	Year = {1975},
	Bdsk-Url-1 = {http://dx.doi.org/10.1007/BF02785928}}

@article{Martin1973,
	Author = {Martin, P. C. and Siggia, E. D. and Rose, H. A.},
	Doi = {10.1103/PhysRevA.8.423},
	Journal = {Phys. Rev. A},
	Pages = {423--437},
	Title = {Statistical Dynamics of Classical Systems},
	Volume = {8},
	Year = {1973},
	Bdsk-Url-1 = {http://dx.doi.org/10.1103/PhysRevA.8.423}}

@article{Murugan2015,
	Author = {Murugan, Arvind and Zeravcic, Zorana and Brenner, Michael P. and Leibler, Stanislas},
	Doi = {10.1073/pnas.1413941112},
	Journal = {Proc. Natl. Acad. Sci. USA},
	Number = {1},
	Pages = {54--59},
	Title = {Multifarious assembly mixtures: Systems allowing retrieval of diverse stored structures},
	Volume = {112},
	Year = {2015},
	Bdsk-Url-1 = {http://dx.doi.org/10.1073/pnas.1413941112}}

@article{Touchette2009,
	Author = {Hugo Touchette},
	Doi = {10.1016/j.physrep.2009.05.002},
	Journal = {Phys. Rep.},
	Number = {1},
	Pages = {1-69},
	Title = {The large deviation approach to statistical mechanics},
	Volume = {478},
	Year = {2009},
	Bdsk-Url-1 = {http://dx.doi.org/10.1016/j.physrep.2009.05.002}}

@article{Lecomte2007,
	Author = {Lecomte, V.	and Appert-Rolland, C. and van Wijland, F.},
	Day = {01},
	Doi = {10.1007/s10955-006-9254-0},
	Journal = {J. Stat. Phys.},
	Number = {1},
	Pages = {51--106},
	Title = {Thermodynamic Formalism for Systems with Markov Dynamics},
	Volume = {127},
	Year = {2007},
	Bdsk-Url-1 = {http://dx.doi.org/10.1007/s10955-006-9254-0}}

@article{Silva2011,
	Author = {Soares e Silva, Marina and Depken, Martin and Stuhrmann, Bj{\"o}rn and Korsten, Marijn and MacKintosh, Fred C. and Koenderink, Gijsje H.},
	Doi = {10.1073/pnas.1016616108},
	Journal = {Proc. Natl. Acad. Sci. USA},
	Number = {23},
	Pages = {9408--9413},
	Title = {Active multistage coarsening of actin networks driven by myosin motors},
	Volume = {108},
	Year = {2011},
	Bdsk-Url-1 = {http://dx.doi.org/10.1073/pnas.1016616108}}

@article{Murrell2015,
	Author = {Murrell, Michael and Oakes, Patrick W and Lenz, Martin and Gardel, Margaret L},
	Doi = {10.1038/nrm4012},
	Journal = {Nature Reviews Molecular Cell Biology},
	Number = {8},
	Pages = {486--498},
	Title = {Forcing cells into shape: the mechanics of actomyosin contractility},
	Volume = {16},
	Year = {2015},
	Bdsk-Url-1 = {http://dx.doi.org/10.1038/nrm4012}}

@article{Blanchoin2014,
	Author = {Blanchoin, Laurent and Boujemaa-Paterski, Rajaa and Sykes, C{\'e}cile and Plastino, Julie},
	Doi = {10.1152/physrev.00018.2013},
	Journal = {Physiological reviews},
	Number = {1},
	Pages = {235--263},
	Title = {Actin dynamics, architecture, and mechanics in cell motility},
	Volume = {94},
	Year = {2014},
	Bdsk-Url-1 = {http://dx.doi.org/10.1152/physrev.00018.2013}}

@article{VanZuiden2016,
	Author = {van Zuiden, Benjamin C and Paulose, Jayson and Irvine, William T M and Bartolo, Denis and Vitelli, Vincenzo},
	Doi = {10.1073/pnas.1609572113},
	Journal = {Proc. Natl. Acad. Sci. USA},
	Number = {46},
	Pages = {12919--12924},
	Title = {{Spatiotemporal order and emergent edge currents in active spinner materials.}},
	Volume = {113},
	Year = {2016},
	Bdsk-Url-1 = {http://dx.doi.org/10.1073/pnas.1609572113}}

@article{Solon2015a,
	Author = {Solon, A. P. and Fily, Y. and Baskaran, A. and Cates, M. E. and Kafri, Y. and Kardar, M. and Tailleur, J.},
	Doi = {10.1038/nphys3377},
	Journal = {Nat. Phys.},
	Number = {8},
	Pages = {673--678},
	Title = {{Pressure is not a state function for generic active fluids}},
	Volume = {11},
	Year = {2015},
	Bdsk-Url-1 = {http://dx.doi.org/10.1038/nphys3377}}

@article{Cates2015,
	Author = {Cates, Michael E. and Tailleur, Julien},
	Doi = {10.1146/annurev-conmatphys-031214-014710},
	Journal = {Annu. Rev. CMP},
	Number = {1},
	Pages = {219--244},
	Title = {{Motility-Induced Phase Separation}},
	Volume = {6},
	Year = {2015},
	Bdsk-Url-1 = {http://dx.doi.org/10.1146/annurev-conmatphys-031214-014710}}

@article{Nemoto2018a,
	Archiveprefix = {arXiv},
	Author = {{Fodor}, {\'E}. and {Nemoto}, T. and {Vaikuntanathan}, S.},
	Eprint = {1806.},
	Journal = {ArXiv e-prints},
	Title = {{Collisional efficiency controls transport and clustering in active fluids}},
	Year = 2018}

@book{Hansen2013,
	Address = {Oxford},
	Author = {Hansen, Jean-Pierre and McDonald, Ian R.},
	Doi = {10.1016/B978-0-12-387032-2.00013-1},
	Publisher = {Academic Press},
	Title = {Theory of Simple Liquids (Fourth Edition)},
	Year = {2013},
	Bdsk-Url-1 = {http://dx.doi.org/10.1016/B978-0-12-387032-2.00013-1}}

@misc{Supplemental,
	Note = {See Supplemental Material at [URL will be inserted by publisher] for details about the analytic derivations and the numerical simulations.}}

@article{Limmer2018,
	Archiveprefix = {arXiv},
	Author = {{Grand Pre}, T. and {Limmer}, D.~T.},
	Eprint = {1805.04122},
	Journal = {ArXiv e-prints},
	Title = {{Current fluctuations of interacting active Brownian particles}},
	Year = 2018}

@article{Demery2015,
	Author = {D\'emery, Vincent},
	Doi = {10.1103/PhysRevE.91.062301},
	Journal = {Phys. Rev. E},
	Pages = {062301},
	Title = {Mean-field microrheology of a very soft colloidal suspension: Inertia induces shear thickening},
	Volume = {91},
	Year = {2015},
	Bdsk-Url-1 = {http://dx.doi.org/10.1103/PhysRevE.91.062301}}

@article{Demery2011,
  title = {Perturbative path-integral study of active- and passive-tracer diffusion in fluctuating fields},
  author = {D\'emery, Vincent and Dean, David S.},
  journal = {Phys. Rev. E},
  volume = {84},
  pages = {011148},
  year = {2011},
  doi = {10.1103/PhysRevE.84.011148}
}

@article{Martin2018,
	Author = {D. Martin and C. Nardini and M. E. Cates and {\'E}. Fodor},
	Doi = {10.1209/0295-5075/121/60005},
	Journal = {EPL (Europhys. Lett.)},
	Number = {6},
	Pages = {60005},
	Title = {Extracting maximum power from active colloidal heat engines},
	Volume = {121},
	Year = {2018},
	Bdsk-Url-1 = {http://dx.doi.org/10.1209/0295-5075/121/60005}}

@article{Seifert2012,
	Author = {Seifert, Udo},
	Doi = {10.1088/0034-4885/75/12/126001},
	Journal = {Rep. Prog. Phys.},
	Number = {12},
	Pages = {126001},
	Title = {{Stochastic thermodynamics, fluctuation theorems and molecular machines}},
	Volume = {75},
	Year = {2012},
	Bdsk-Url-1 = {http://dx.doi.org/10.1088/0034-4885/75/12/126001}}

@article{Sekimoto1998,
	Author = {Sekimoto, Ken},
	Doi = {10.1143/PTPS.130.17},
	Journal = {Prog. Theor. Phys. Supp.},
	Pages = {17-27},
	Title = {Langevin Equation and Thermodynamics},
	Volume = {130},
	Year = {1998},
	Bdsk-Url-1 = {http://dx.doi.org/10.1143/PTPS.130.17}}

@article{Nardini2017,
	Author = {Nardini, Cesare and Fodor, {\'E}tienne and Tjhung, Elsen and van Wijland, Fr\'ed\'eric and Tailleur, Julien and Cates, Michael E.},
	Doi = {10.1103/PhysRevX.7.021007},
	Journal = {Phys. Rev. X},
	Pages = {021007},
	Title = {Entropy Production in Field Theories without Time-Reversal Symmetry: Quantifying the Non-Equilibrium Character of Active Matter},
	Volume = {7},
	Year = {2017},
	Bdsk-Url-1 = {http://dx.doi.org/10.1103/PhysRevX.7.021007}}

@article{Ahmed2018,
	Author = {Wylie W. Ahmed and {\'E}tienne Fodor and Maria Almonacid and Matthias Bussonnier and Marie-H{\'e}l{\`e}ne Verlhac and Nir Gov and Paolo Visco and Fr{\'e}d{\'e}ric van Wijland and Timo Betz},
	Doi = {10.1016/j.bpj.2018.02.009},
	Journal = {Biophys. J.},
	Number = {7},
	Pages = {1667 - 1679},
	Title = {Active Mechanics Reveal Molecular-Scale Force Kinetics in Living Oocytes},
	Volume = {114},
	Year = {2018},
	Bdsk-Url-1 = {http://dx.doi.org/10.1016/j.bpj.2018.02.009}}

@article{Wilhelm2008,
	Author = {Wilhelm, Claire},
	Doi = {10.1103/PhysRevLett.101.028101},
	Journal = {Phys. Rev. Lett.},
	Pages = {028101},
	Title = {Out-of-Equilibrium Microrheology inside Living Cells},
	Volume = {101},
	Year = {2008},
	Bdsk-Url-1 = {http://dx.doi.org/10.1103/PhysRevLett.101.028101}}

@article{Mizuno2007,
	Author = {Mizuno, Daisuke and Tardin, Catherine and Schmidt, C. F. and MacKintosh, F. C.},
	Doi = {10.1126/science.1134404},
	Journal = {Science},
	Number = {5810},
	Pages = {370-373},
	Title = {Nonequilibrium Mechanics of Active Cytoskeletal Networks},
	Volume = {315},
	Year = {2007},
	Bdsk-Url-1 = {http://dx.doi.org/10.1126/science.1134404}}

@article{Turlier2016,
	Author = {H. Turlier and D. A. Fedosov and B. Audoly and T. Auth and N. S. Gov and C. Sykes and J.-F. Joanny and G. Gompper and T. Betz},
	Doi = {10.1038/nphys3621},
	Journal = {Nat. Phys.},
	Number = {513},
	Pages = {513},
	Title = {Equilibrium physics breakdown reveals the active nature of red blood cell flickering},
	Volume = {12},
	Year = {2016},
	Bdsk-Url-1 = {http://dx.doi.org/10.1038/nphys3621}}

@article{Visco2015,
	Author = {{\'E}. Fodor and M. Guo and N. S. Gov and P. Visco and D. A. Weitz and F. van Wijland},
	Doi = {10.1209/0295-5075/110/48005},
	Journal = {EPL (Europhys. Lett.)},
	Number = {4},
	Pages = {48005},
	Title = {Activity-driven fluctuations in living cells},
	Volume = {110},
	Year = {2015},
	Bdsk-Url-1 = {http://dx.doi.org/10.1209/0295-5075/110/48005}}

@article{Toyabe2010,
	Author = {Toyabe, Shoichi and Okamoto, Tetsuaki and Watanabe-Nakayama, Takahiro and Taketani, Hiroshi and Kudo, Seishi and Muneyuki, Eiro},
	Doi = {10.1103/PhysRevLett.104.198103},
	Journal = {Phys. Rev. Lett.},
	Pages = {198103},
	Title = {Nonequilibrium Energetics of a Single ${\mathbf{F}}_{1}$-ATPase Molecule},
	Volume = {104},
	Year = {2010},
	Bdsk-Url-1 = {http://dx.doi.org/10.1103/PhysRevLett.104.198103}}

@article{Ahmed2016,
	Author = {{\'E}. Fodor and W. W. Ahmed and M. Almonacid and M. Bussonnier and N. S. Gov and M.-H. Verlhac and T. Betz and P. Visco and F. van Wijland},
	Doi = {10.1209/0295-5075/116/30008},
	Journal = {EPL (Europhys. Lett.)},
	Number = {3},
	Pages = {30008},
	Title = {Nonequilibrium dissipation in living oocytes},
	Volume = {116},
	Year = {2016},
	Bdsk-Url-1 = {http://dx.doi.org/10.1209/0295-5075/116/30008}}

@article{Nguyen2018,
	Archiveprefix = {arXiv},
	Author = {{Nguyen}, M. and {Vaikuntanathan}, S.},
	Eprint = {1803.04368},
	Journal = {ArXiv e-prints},
	Title = {{Dissipation induced transitions in elastic strings}},
	Year = 2018}

@article{Joshi2017,
	Archiveprefix = {arXiv},
	Author = {{Joshi}, A. and {Putzig}, E. and {Baskaran}, A. and {Hagan}, M.},
	Eprint = {1711.05714},
	Journal = {ArXiv e-prints},
	Title = {{The interplay between activity and filament flexibility determines the emergent properties of active nematics}},
	Year = 2017}

@article{Hedges2009,
	Author = {Hedges, Lester O. and Jack, Robert L. and Garrahan, Juan P. and Chandler, David},
	Doi = {10.1126/science.1166665},
	Journal = {Science},
	Number = {5919},
	Pages = {1309--1313},
	Title = {Dynamic Order-Disorder in Atomistic Models of Structural Glass Formers},
	Volume = {323},
	Year = {2009},
	Bdsk-Url-1 = {http://dx.doi.org/10.1126/science.1166665}}

@article{Jack2010,
	Author = {Jack, Robert L. and Sollich, Peter},
	Doi = {10.1143/PTPS.184.304},
	Journal = {Progress of Theoretical Physics Supplement},
	Pages = {304-317},
	Title = {Large Deviations and Ensembles of Trajectories in Stochastic Models},
	Volume = {184},
	Year = {2010},
	Bdsk-Url-1 = {http://dx.doi.org/10.1143/PTPS.184.304}}

@article{Chetrite2013,
	Author = {Chetrite, Rapha\"el and Touchette, Hugo},
	Doi = {10.1103/PhysRevLett.111.120601},
	Journal = {Phys. Rev. Lett.},
	Pages = {120601},
	Title = {Nonequilibrium Microcanonical and Canonical Ensembles and Their Equivalence},
	Volume = {111},
	Year = {2013},
	Bdsk-Url-1 = {http://dx.doi.org/10.1103/PhysRevLett.111.120601}}

@article{Decamp2015,
	Author = {DeCamp, Stephen J and Redner, Gabriel S and Baskaran, Aparna and Hagan, Michael F and Dogic, Zvonimir},
	Doi = {10.1038/nmat4387},
	Journal = {Nat. Mat.},
	Number = {11},
	Pages = {1110},
	Title = {Orientational order of motile defects in active nematics},
	Volume = {14},
	Year = {2015},
	Bdsk-Url-1 = {http://dx.doi.org/10.1038/nmat4387}}

@article{Sanchez2012,
	Author = {Sanchez, Tim and Chen, Daniel TN and DeCamp, Stephen J and Heymann, Michael and Dogic, Zvonimir},
	Doi = {10.1038/nature11591},
	Journal = {Nature},
	Number = {7424},
	Pages = {431},
	Title = {Spontaneous motion in hierarchically assembled active matter},
	Volume = {491},
	Year = {2012},
	Bdsk-Url-1 = {http://dx.doi.org/10.1038/nature11591}}

@article{Wang2017,
	Author = {Wang, Fangbin and Shi, Hui and He, Rui and Wang, Renjie and Zhang, Rongjing and Yuan, Junhua},
	Doi = {10.1038/nphys4081},
	Journal = {Nat. Phys.},
	Number = {7},
	Pages = {710},
	Title = {Non-equilibrium effect in the allosteric regulation of the bacterial flagellar switch},
	Volume = {13},
	Year = {2017},
	Bdsk-Url-1 = {http://dx.doi.org/10.1038/nphys4081}}

@article{Lele2013,
	Author = {Lele, Pushkar P. and Hosu, Basarab G. and Berg, Howard C.},
	Doi = {10.1073/pnas.1305885110},
	Journal = {Proc. Natl. Acad. Sci. USA},
	Number = {29},
	Pages = {11839--11844},
	Title = {Dynamics of mechanosensing in the bacterial flagellar motor},
	Volume = {110},
	Year = {2013},
	Bdsk-Url-1 = {http://dx.doi.org/10.1073/pnas.1305885110}}

@article{delJunco2018,
	Author = {del Junco, Clara and Tociu, Laura and Vaikuntanathan, Suriyanarayanan},
	Doi = {10.1073/pnas.1713573115},
	Journal = {Proc. Natl. Acad. Sci. USA},
	Number = {14},
	Pages = {3569--3574},
	Title = {Energy dissipation and fluctuations in a driven liquid},
	Volume = {115},
	Year = {2018},
	Bdsk-Url-1 = {http://dx.doi.org/10.1073/pnas.1713573115}}

@article{Takatori2015,
	Author = {Takatori, S. C. and Brady, J. F.},
	Doi = {10.1103/PhysRevE.91.032117},
	Journal = {Phys. Rev. E},
	Pages = {032117},
	Title = {Towards a thermodynamics of active matter},
	Volume = {91},
	Year = {2015},
	Bdsk-Url-1 = {http://dx.doi.org/10.1103/PhysRevE.91.032117}}

@article{Harada2005,
	Author = {Harada, Takahiro and Sasa, Shin-ichi},
	Doi = {10.1103/PhysRevLett.95.130602},
	Journal = {Phys. Rev. Lett.},
	Pages = {130602},
	Title = {Equality Connecting Energy Dissipation with a Violation of the Fluctuation-Response Relation},
	Volume = {95},
	Year = {2005},
	Bdsk-Url-1 = {http://dx.doi.org/10.1103/PhysRevLett.95.130602}}

@article{Demery2014,
	Author = {Vincent D\'emery and Olivier B\'enichou and Hugo Jacquin},
	Doi = {10.1088/1367-2630/16/5/053032},
	Journal = {New J. Phys.},
	Number = {5},
	Pages = {053032},
	Title = {Generalized Langevin equations for a driven tracer in dense soft colloids: construction and applications},
	Volume = {16},
	Year = {2014},
	Bdsk-Url-1 = {http://dx.doi.org/10.1088/1367-2630/16/5/053032}}

@article{Harada2006,
	Author = {Harada, Takahiro and Sasa, Shin-ichi},
	Doi = {10.1103/PhysRevE.73.026131},
	Journal = {Phys. Rev. E},
	Pages = {026131},
	Title = {Energy dissipation and violation of the fluctuation-response relation in nonequilibrium Langevin systems},
	Volume = {73},
	Year = {2006},
	Bdsk-Url-1 = {http://dx.doi.org/10.1103/PhysRevE.73.026131}}

@article{Fodor2016,
	Author = {Fodor, \'Etienne and Nardini, Cesare and Cates, Michael E. and Tailleur, Julien and Visco, Paolo and van Wijland, Fr\'ed\'eric},
	Doi = {10.1103/PhysRevLett.117.038103},
	Issue = {3},
	Journal = {Phys. Rev. Lett.},
	Pages = {038103},
	Title = {How Far from Equilibrium Is Active Matter?},
	Volume = {117},
	Year = {2016},
	Bdsk-Url-1 = {http://dx.doi.org/10.1103/PhysRevLett.117.038103}}

@article{Battle604,
	Author = {Battle, Christopher and Broedersz, Chase and Fakhri, Mikta and Geyer, Veikko and Howard, Jonaton and Schmidt, Christoph and MacKintosh, Fred},
	Doi = {10.1126/science.aac8167},
	Journal = {Science},
	Number = {6268},
	Pages = {604--607},
	Title = {{Broken detailed balance at mesoscopic scales in active biological systems}},
	Volume = {351},
	Year = {2016},
	Bdsk-Url-1 = {http://dx.doi.org/10.1126/science.aac8167}}

@article{Han2016,
	Author = {Han, Ming and Yan, Jing and Granick, Steve and Luijten, Erik},
	Doi = {10.1073/pnas.1706702114},
	Journal = {Proc. Natl. Acad. Sci. USA},
	Number = {29},
	Pages = {7513-7518},
	Title = {Effective temperature concept evaluated in an active colloid mixture},
	Volume = {114},
	Year = {2017},
	Bdsk-Url-1 = {http://dx.doi.org/10.1073/pnas.1706702114}}

@article{Nguyen2014b,
	Author = {Nguyen, Nguyen H. P. and Klotsa, Daphne and Engel, Michael and Glotzer, Sharon C.},
	Doi = {10.1103/PhysRevLett.112.075701},
	Journal = {Phys. Rev. Lett.},
	Pages = {075701},
	Title = {Emergent Collective Phenomena in a Mixture of Hard Shapes through Active Rotation},
	Volume = {112},
	Year = {2014},
	Bdsk-Url-1 = {http://dx.doi.org/10.1103/PhysRevLett.112.075701}}

@article{Murugan2017,
	Author = {Murugan, Arvind and Vaikuntanathan, Suriyanarayanan},
	Doi = {10.1038/ncomms13881},
	Journal = {Nat. Commun.},
	Month = {jan},
	Pages = {13881},
	Title = {{Topologically protected modes in non-equilibrium stochastic systems}},
	Volume = {8},
	Year = {2017},
	Bdsk-Url-1 = {http://dx.doi.org/10.1038/ncomms13881}}

@article{Lan2012,
	Author = {Lan, Ganhui and Sartori, Pablo and Neumann, Silke and Sourjik, Victor and Tu, Yuhai},
	Doi = {10.1038/nphys2276},
	Journal = {Nat. Phys.},
	Number = {5},
	Pages = {422--428},
	Publisher = {Nature Research},
	Title = {{The energy--speed--accuracy trade-off in sensory adaptation}},
	Volume = {8},
	Year = {2012},
	Bdsk-Url-1 = {http://dx.doi.org/10.1038/nphys2276}}

@article{WCA1971,
	Author = {Weeks, John D. and Chandler, David and Andersen, Hans C.},
	Doi = {10.1063/1.1674820},
	Journal = {J. Chem. Phys.},
	Number = {12},
	Pages = {5237--5247},
	Title = {{Role of Repulsive Forces in Determining the Equilibrium Structure of Simple Liquids}},
	Volume = {54},
	Year = {1971},
	Bdsk-Url-1 = {http://dx.doi.org/10.1063/1.1674820}}

@article{Nguyen2016,
	Author = {Nguyen, Michael and Vaikuntanathan, Suriyanarayanan},
	Doi = {10.1073/pnas.1609983113},
	Journal = {Proc. Natl. Acad. Sci. USA},
	Number = {50},
	Pages = {14231--14236},
	Title = {{Design principles for nonequilibrium self-assembly.}},
	Volume = {113},
	Year = {2016},
	Bdsk-Url-1 = {http://dx.doi.org/10.1073/pnas.1609983113}}

@article{Dean1996,
	Author = {Dean, David S},
	Doi = {10.1088/0305-4470/29/24/001},
	Journal = {J. Phys. A.: Math. Gen.},
	Number = {24},
	Pages = {L613--L617},
	Title = {{Langevin equation for the density of a system of interacting Langevin processes}},
	Volume = {29},
	Year = {1996},
	Bdsk-Url-1 = {http://dx.doi.org/10.1088/0305-4470/29/24/001}}

@article{Kruger2017,
	Author = {Matthias Kr\"uger and David S. Dean},
	Doi = {10.1063/1.4979659},
	Journal = {J. Chem. Phys.},
	Number = {13},
	Pages = {134507},
	Title = {A Gaussian theory for fluctuations in simple liquids},
	Volume = {146},
	Year = {2017},
	Bdsk-Url-1 = {http://dx.doi.org/10.1063/1.4979659}}

@article{Chandler1993,
	Author = {Chandler, David},
	Doi = {10.1103/PhysRevE.48.2898},
	Journal = {Phys. Rev. E},
	Number = {4},
	Pages = {2898--2905},
	Title = {{Gaussian field model of fluids with an application to polymeric fluids}},
	Volume = {48},
	Year = {1993},
	Bdsk-Url-1 = {http://dx.doi.org/10.1103/PhysRevE.48.2898}}
